% This file was created with JabRef 2.10.
% Encoding: UTF8


@Article{Videnskabeligartikel,
  Title                    = {Titel},
  Author                   = {{Videnskabelig artikel}},
  Issue                    = {Nummer},
  Journal                  = {Tidskrift},
  Pages                    = {Sider},
  Volume                   = {Årgang},
  Year                     = {År},

  HowPublished             = {Hvis det er en online artikel skrives der "online" her.},
  Institution              = {Forfatterens universitet hvis dette er entydigt.},
  Lastvisit                = {Sidste besøg af link i dette format: dd mmm åååå},
  Url                      = {Link},

  Owner                    = {Jakob},
  Timestamp                = {2015.09.11}
}

@Article{mueller01,
  Title                    = {Transfer-Function Measurement with Sweeps, Director’s Cut Including Previously Unreleased Material
and some Corrections},
  Author                   = {M\"uller, Swen and Massarani, Paulo},
HowPublished               = {online},
  Year                     = {2001},

}

@Article{ho_2017,
  Title                    = {Spectrum of Third Window Abnormalities: Semicircular Canal Dehiscence and Beyond},
  Author                   = {Ho, M.-L. and Moonis, G. and Halpin, C.F. and Curtin, H.D.},
  Issue                    = {1},
  Journal                  = {American Journal of Neuroradiology},
  Pages                    = {2-9},
  Volume                   = {38},
  Year                     = {2017},


  Url                      = {http://www.ajnr.org/content/38/1/2},

  Owner                    = {Jonas},
  Timestamp                = {2018.09.20}
}


@Article{stenfelt_2005,
  Title                    = {Bone-Conducted Sound: Physiological and Clinical Aspects},
  Author                   = {Stenfelt, Stefan and Goode, Richard L.},
  Issue                    = {Nummer},
  Journal                  = {6},
  Pages                    = {1245-1261},
  Volume                   = {26},
  Year                     = {2005},

  Owner                    = {Jonas},
  Timestamp                = {2018.09.20}
}

@Article{dauman_2013,
  Title                    = {Bone conduction: An explanation for this phenomenon comprising complex mechanisms},
  Author                   = {Dauman, R.},
  Issue                    = {4},
  Journal                  = {European Annals of Otorhinolaryngology, Head and Neck diseases},
  Pages                    = {209-213},
  Volume                   = {130},
  Year                     = {2013},

  Owner                    = {Christoph},
  Timestamp                = {2018.09.20}
}


@Article{bekesy_1932,
  Title                    = {Zur Theorie des H\"orens bei der Schallaufnahme durch Knochenleitung},
  Author                   = {von B\'ek\'esy, Georg},
  Issue                    = {13},
  Journal                  = {Annalen der Physik},
  Pages                    = {111-136},
  Volume                   = {5},
  Year                     = {1932},

  Owner                    = {Christoph},
  Timestamp                = {2018.09.20}
}

@Article{stenfelt_2007,
  Title                    = {Simultaneous cancellation of air and bone conduction tones at
two frequencies: Extension of the famous experiment by von B\'ek\'esy},
  Author                   = {Stenfelt, Stefan},
  Issue                    = {1-2},
  Journal                  = {Hearing Research},
  Pages                    = {105-116},
  Volume                   = {225},
  Year                     = {2007},


  Owner                    = {Christoph},
  Timestamp                = {2018.09.20}
}


@Article{the_balanced_2003,
  Title                    = {The balanced electromagnetic separation transducer: A new bone conduction transducer},
  Author                   = {Bo E. V. Håkansson},
  Issue                    = {0001-4966},
  Journal                  = {J. Acoust. Soc. Am.},
  Pages                    = {818-825},
  Volume                   = {113(2)},
  Year                     = {2003},

  HowPublished             = {Online},
  Lastvisit                = {2018.09.21},
  Url                      = {https://pdfs.semanticscholar.org/6c33/70fd43ff0d37e9cfa19ad0f3b5d31b78386d.pdf},

  Owner                    = {Jonas},
  Timestamp                = {2018.09.20}
}



